<record><leader>00000cas a22000007a 4500</leader><controlfield tag="001">10223563</controlfield><controlfield tag="008">831215d18191908pauwr ne      0    0eng d</controlfield><controlfield tag="009">3781</controlfield><datafield ind1=" " ind2=" " tag="010"><subfield code="a">sn 83032234 </subfield></datafield><datafield ind1=" " ind2=" " tag="040"><subfield code="a">NPU</subfield><subfield code="b">eng</subfield><subfield code="c">NPU</subfield><subfield code="d">NPA</subfield><subfield code="d">NPH</subfield><subfield code="d">DLC</subfield><subfield code="d">NPX</subfield><subfield code="d">NPH</subfield><subfield code="d">OCLCG</subfield></datafield><datafield ind1="1" ind2=" " tag="029"><subfield code="a">AU@</subfield><subfield code="b">000025836110</subfield></datafield><datafield ind1=" " ind2=" " tag="042"><subfield code="a">msc</subfield></datafield><datafield ind1="0" ind2="0" tag="050"><subfield code="a">Newspaper 9375-X</subfield></datafield><datafield ind1="0" ind2="0" tag="245"><subfield code="a">Lebanon courier.</subfield></datafield><datafield ind1=" " ind2=" " tag="260"><subfield code="a">Lebanon, Pa. :</subfield><subfield code="b">George Hanke,</subfield><subfield code="c">1819-1908.</subfield></datafield><datafield ind1=" " ind2=" " tag="300"><subfield code="a">v. ;</subfield><subfield code="c">45-74 cm.</subfield></datafield><datafield ind1=" " ind2=" " tag="310"><subfield code="a">Weekly</subfield></datafield><datafield ind1="0" ind2=" " tag="362"><subfield code="a">Vol. 1, no. 1 (Oct. 2, 1819)-v. 58, no. 45 (Apr. 29, 1908).</subfield></datafield><datafield ind1=" " ind2=" " tag="500"><subfield code="a">"Democratic Antimasonic," &lt;1836-1837&gt;; "Union," &lt;1857-1864&gt;; "Republican," &lt;1876&gt;.</subfield></datafield><datafield ind1="4" ind2=" " tag="510"><subfield code="a">Shaw &amp; Shoemaker</subfield><subfield code="c">48464</subfield></datafield><datafield ind1="4" ind2=" " tag="510"><subfield code="a">Brigham, C.S.  Amer. newspapers,</subfield><subfield code="c">p. 876</subfield></datafield><datafield ind1=" " ind2=" " tag="515"><subfield code="a">Issues for    -Apr. 29, 1908 called also    -whole no. 3634</subfield></datafield><datafield ind1=" " ind2=" " tag="500"><subfield code="a">Editor: T.T. Worth, &lt;1857-1876&gt;.</subfield></datafield><datafield ind1="1" ind2=" " tag="700"><subfield code="a">Hanke, George,</subfield><subfield code="d">1788-1824.</subfield></datafield><datafield ind1=" " ind2=" " tag="752"><subfield code="a">United States</subfield><subfield code="b">Pennsylvania</subfield><subfield code="c">Lebanon</subfield><subfield code="d">Lebanon.</subfield></datafield><datafield ind1="0" ind2="7" tag="785"><subfield code="t">Semi-weekly report (Lebanon, Pa)</subfield><subfield code="w">(DLC)sn 89077271</subfield></datafield><datafield ind1="0" ind2="7" tag="785"><subfield code="t">Lebanon courier and semi-weekly report</subfield><subfield code="w">(DLC)sn 86081673</subfield></datafield></record>